%  you will need to comment out the \bibliography{X0-012} line in your X0-012.tex file

%    example how to to reference another paper in this volume, use something like P4-24 for the PID
@INPROCEEDINGS{PID_adassxxx,
   author     = {{Author}, A.},
booktitle     = {ADASS XXX},
     year     = 2021,
   editor     = {{Ruiz}, J.-E. and {Pierfederici}, F.},
   volume     = {TBD},
   series     = {ASP Conf. Ser.},
    pages     = {999 TBD},
    publisher = "ASP",
    address   = "San Francisco",
}

